@article{cook2014,
  title={Natural history collections as emerging resources for innovative education},
  author={Cook, Joseph A and Edwards, Scott V and Lacey, Eileen A and Guralnick, Robert P and Soltis, Pamela S and Soltis, Douglas E and Welch, Corey K and Bell, Kayce C and Galbreath, Kurt E and Himes, Christopher and others},
  journal={BioScience},
  volume={64},
  number={8},
  pages={725--734},
  year={2014},
  publisher={Oxford University Press}
}

@article{lacey2017,
  title={Climate change, collections and the classroom: using big data to tackle big problems},
  author={Lacey, Eileen A and Hammond, Talisin T and Walsh, Rachel E and Bell, Kayce C and Edwards, Scott V and Ellwood, Elizabeth R and Guralnick, Robert and Ickert-Bond, Stefanie M and Mast, Austin R and McCormack, John E and others},
  journal={Evolution: Education and Outreach},
  volume={10},
  number={1},
  pages={2},
  year={2017}
}

@article{goring2014,
  title={Improving the culture of interdisciplinary collaboration in ecology by expanding measures of success},
  author={Goring, Simon J and Weathers, Kathleen C and Dodds, Walter K and Soranno, Patricia A and Sweet, Lynn C and Cheruvelil, Kendra S and Kominoski, John S and R{\"u}egg, Janine and Thorn, Alexandra M and Utz, Ryan M},
  journal={Frontiers in Ecology and the Environment},
  volume={12},
  number={1},
  pages={39--47},
  year={2014},
  publisher={Wiley Online Library}
}

@article{wuchty2007,
  title={The increasing dominance of teams in production of knowledge},
  author={Wuchty, Stefan and Jones, Benjamin F and Uzzi, Brian},
  journal={Science},
  volume={316},
  number={5827},
  pages={1036--1039},
  year={2007},
  publisher={American Association for the Advancement of Science}
}

@article{cheruvelil2014,
  title={Creating and maintaining high-performing collaborative research teams: the importance of diversity and interpersonal skills},
  author={Cheruvelil, Kendra S and Soranno, Patricia A and Weathers, Kathleen C and Hanson, Paul C and Goring, Simon J and Filstrup, Christopher T and Read, Emily K},
  journal={Frontiers in Ecology and the Environment},
  volume={12},
  number={1},
  pages={31--38},
  year={2014},
  publisher={Wiley Online Library}
}

@article{jones2008,
  title={Multi-university research teams: Shifting impact, geography, and stratification in science},
  author={Jones, Benjamin F and Wuchty, Stefan and Uzzi, Brian},
  journal={Science},
  volume={322},
  number={5905},
  pages={1259--1262},
  year={2008},
  publisher={American Association for the Advancement of Science}
}
