@BOOK{NASpostdoc,
  title     = "Enhancing the Postdoctoral Experience for Scientists and
               Engineers: A Guide for Postdoctoral Scholars, Advisers,
               Institutions, Funding Organizations, and Disciplinary Societies",
  author    = "{National Academy of Sciences} and {National Academy of Engineering} and {Institute of Medicine} and {Committee on Science, Engineering, and Public Policy}",
  publisher = "The National Academies Press",
  year      =  2000,
  address   = "Washington, DC"
}
